@ARTICLE{2019ApJ...876...64F,
   author = {{Fisher}, R. and {Mozumdar}, P. and {Casabona}, G.},
    title = "{Carbon Detonation Initiation in Turbulent Electron-degenerate Matter}",
  journal = {\apj},
archivePrefix = "arXiv",
   eprint = {1807.03786},
 primaryClass = "astro-ph.SR",
 keywords = {hydrodynamics, nuclear reactions, nucleosynthesis, abundances, supernovae: general, turbulence, white dwarfs },
     year = 2019,
    month = may,
   volume = 876,
      eid = {64},
    pages = {64},
      doi = {10.3847/1538-4357/ab15d8},
   adsurl = {https://ui.adsabs.harvard.edu/abs/2019ApJ...876...64F},
  adsnote = {Provided by the SAO/NASA Astrophysics Data System}
}
